<record><leader>00000cas a2200000 a 4500</leader><controlfield tag="001">10332499</controlfield><controlfield tag="008">840124d18411848nyumr ne      0   a0eng d</controlfield><datafield ind1=" " ind2=" " tag="010"><subfield code="a">sn 91069172 </subfield></datafield><datafield ind1=" " ind2=" " tag="040"><subfield code="a">EXK</subfield><subfield code="b">eng</subfield><subfield code="c">EXK</subfield><subfield code="d">ONP</subfield><subfield code="d">NYS</subfield><subfield code="d">CNK</subfield><subfield code="d">OCL</subfield><subfield code="d">OCLCG</subfield><subfield code="d">OCLCQ</subfield><subfield code="d">OCLCF</subfield><subfield code="d">OCLCO</subfield></datafield><datafield ind1=" " ind2=" " tag="042"><subfield code="a">msc</subfield></datafield><datafield ind1=" " ind2=" " tag="043"><subfield code="a">n-us-ny</subfield></datafield><datafield ind1="0" ind2="0" tag="245"><subfield code="a">Christian investigator.</subfield></datafield><datafield ind1=" " ind2=" " tag="260"><subfield code="a">Whitesboro, N.Y. :</subfield><subfield code="b">William Goodell,</subfield><subfield code="c">1841-1848.</subfield></datafield><datafield ind1=" " ind2=" " tag="300"><subfield code="a">v.</subfield></datafield><datafield ind1=" " ind2=" " tag="310"><subfield code="a">Monthly</subfield></datafield><datafield ind1="0" ind2=" " tag="362"><subfield code="a">Vol. 1, no. 1 (Jan. 1841)-new ser., v. 6, no. 7 (Aug. 1848) = Whole no. 77.</subfield></datafield><datafield ind1=" " ind2=" " tag="500"><subfield code="a">Published at: Whitesboro, N.Y., Jan. 1841-Apr. 1843; Honeoye, N.Y., May 1843-Aug. 1848.</subfield></datafield><datafield ind1=" " ind2=" " tag="500"><subfield code="a">Edited and published by William Goodell.</subfield></datafield><datafield ind1=" " ind2=" " tag="515"><subfield code="a">No. 9-77 also numbered as New series v.1-6. Cf. Union list of serials.</subfield></datafield><datafield ind1=" " ind2="0" tag="650"><subfield code="a">Church</subfield><subfield code="v">Newspapers.</subfield></datafield><datafield ind1=" " ind2="0" tag="651"><subfield code="a">Whitesboro (N.Y.)</subfield><subfield code="v">Newspapers.</subfield></datafield><datafield ind1=" " ind2="0" tag="651"><subfield code="a">Honeoye (N.Y.)</subfield><subfield code="v">Newspapers.</subfield></datafield><datafield ind1=" " ind2="7" tag="655"><subfield code="a">Newspapers.</subfield><subfield code="2">fast</subfield><subfield code="0">(OCoLC)fst01423814</subfield></datafield><datafield ind1=" " ind2="7" tag="650"><subfield code="a">Church.</subfield><subfield code="2">fast</subfield><subfield code="0">(OCoLC)fst00860364</subfield></datafield><datafield ind1=" " ind2="7" tag="651"><subfield code="a">New York (State)</subfield><subfield code="z">Honeoye.</subfield><subfield code="2">fast</subfield><subfield code="0">(OCoLC)fst01881384</subfield></datafield><datafield ind1=" " ind2="7" tag="651"><subfield code="a">New York (State)</subfield><subfield code="z">Whitesboro.</subfield><subfield code="2">fast</subfield><subfield code="0">(OCoLC)fst01231971</subfield></datafield><datafield ind1="1" ind2=" " tag="700"><subfield code="a">Goodell, William,</subfield><subfield code="d">1792-1878.</subfield></datafield><datafield ind1=" " ind2=" " tag="752"><subfield code="a">United States</subfield><subfield code="b">New York</subfield><subfield code="c">Oneida</subfield><subfield code="d">Whitesboro.</subfield></datafield><datafield ind1=" " ind2=" " tag="752"><subfield code="a">United States</subfield><subfield code="b">New York</subfield><subfield code="c">Ontario</subfield><subfield code="d">Honeoye.</subfield></datafield><datafield ind1="0" ind2="0" tag="785"><subfield code="t">Liberty leaguer</subfield><subfield code="w">(DLC)sn 91069189</subfield></datafield></record>